<?xml version="1.0" encoding="UTF-8"?><collection xmlns="http://www.loc.gov/MARC21/slim"><record><leader>00398nam--2200157-i-4500</leader><controlfield tag="001">000007565</controlfield><controlfield tag="002">20161230</controlfield><controlfield tag="005">20170204204505</controlfield><controlfield tag="008">060222s1000------------r-----000-0-eng-d</controlfield><datafield ind1=" " ind2=" " tag="100"><subfield code="a">Barlaam, A</subfield></datafield><datafield ind1=" " ind2=" " tag="245"><subfield code="a">Codice della ricerca scientifica e tecnologica</subfield></datafield><datafield ind1=" " ind2=" " tag="260"><subfield code="a">Milano</subfield><subfield code="b">Dott.A.Giuffr</subfield><subfield code="c">1965</subfield></datafield><datafield ind1=" " ind2=" " tag="300"><subfield code="a">IX + 1773 p</subfield></datafield><datafield ind1=" " ind2=" " tag="700"><subfield code="a">Contini, G</subfield></datafield><datafield ind1=" " ind2=" " tag="852"><subfield code="a">23401</subfield></datafield><datafield ind1=" " ind2=" " tag="CAT"><subfield code="a">SYS</subfield><subfield code="c">20170204</subfield><subfield code="h">204505</subfield></datafield></record></collection>